/Users/aas/Documents/Projects/SyncFree/WP1/syncFree.bib